@misc{
    symfony-def,
    title =  "About Symfony Project",
    url = "https://symfony.com/about"
}

@misc{
    doctrine-inheritance,
    title = "Inheritance Mapping",
    url = "https://www.doctrine-project.org/projects/doctrine-orm/en/2.6/reference/inheritance-mapping.html",
}
